%Capitalization is very important in references. Be sure to do a double {{ and }} to keep the capitalization of your text in tact.
%Also pay attention to the sorting on last name in the case of complex Dutch names. F.i.: "Aalst, W.M.P. van der and ..." makes it sort under A


@article{Allen2001,
title = "Minimum expected cost-oriented optimal maintenance planning for deteriorating structures: application to concrete bridge decks",
journal = "Reliability Engineering and System Safety",
volume = "73",
number = "3",
pages = "281 - 291",
year = "2001",
issn = "0951-8320",
doi = "https://doi.org/10.1016/S0951-8320(01)00044-8",
url = "http://www.sciencedirect.com/science/article/pii/S0951832001000448",
author = "Allen C Estes and Dan M Frangopol",
}

@article{Dan1999,
author = {Dan M. Frangopol and Allen C. Estes},
title = {Optimum Lifetime Planning of Bridge Inspection and Repair Programs},
journal = {Structural Engineering International},
volume = {9},
number = {3},
pages = {219-223},
year  = {1999},
publisher = {Taylor & Francis},
doi = {10.2749/101686699780481998},

}



@article{Van1994,
title = "The Maintenance of Civil Engineering Structures",
journal = "Heron",
volume = "39",
number = "2",
pages = "3-34",
year = "1994",
author = "A. van der Toorn",
}


@InProceedings{Yang2006,
    author = {Y.N. Yang and H.J. Pam and M.M. Kumaraswamy and O.O. Ugwu},
    title = {Life-cycle maintenance management strategies for bridges in Hong Kong},
    booktitle = {Proceedings of the Joint International Conference on Construction Culture, Innovation and Management, Dubai, 26-29},
    month = Nov,
    year = 2006,

}


@InProceedings{Zou2018,
title = "A probabilistic approach for joint optimization of fatigue design, inspection and maintenance",
author = "Guang Zou and Kian Banisoleiman and Arturo Gonz{\'a}lez and Nielsen, {Michael Havbro Faber}",
year = "2018",
language = "English",
isbn = "978-1-880653-87-6",
volume = "4",
publisher = "International Society of Offshore and Polar Engineers",
number = "28",
pages = "471--478",
booktitle = "The Proceedings of the International Ocean and Polar Engineering Conference",
}


@article{Boulent2012,
author = {Boulent M. Imam and Marios K. Chryssanthopoulos},
title = {Causes and Consequences of Metallic Bridge Failures},
journal = {Structural Engineering International},
volume = {22},
number = {1},
pages = {93-98},
year  = {2012},
publisher = {Taylor & Francis},
doi = {10.2749/101686612X13216060213437},
}


@article{Frang2011,
author = { Dan M. Frangopol },
title = {Life-cycle performance, management, and optimisation of structural systems under uncertainty: accomplishments and challenges},
journal = {Structure and Infrastructure Engineering},
volume = {7},
number = {6},
pages = {389-413},
year  = {2011},
publisher = {Taylor & Francis},
doi = {10.1080/15732471003594427},}

}


@article{fransoli2016,
author = {Dan M. Frangopol and Mohamed Soliman},
title = {Life-cycle of structural systems: recent achievements and future directions},
journal = {Structure and Infrastructure Engineering},
volume = {12},
number = {1},
pages = {1-20},
year  = {2016},
publisher = {Taylor & Francis},
doi = {10.1080/15732479.2014.999794},

}

@article{miner1945,
author = {M.A. Miner},
title = {Cumulative Damage in Fatigue},
journal = {Journal of Applied Mechanics},
volume = {3},
number = {},
pages = {159-164},
year  = {1945},
doi = {},

}



@incollection{MARQUIS2011208,
title = "8 - Fatigue assessment methods for variable amplitude loading of welded structures",
editor = "Kenneth A. Macdonald",
booktitle = "Fracture and Fatigue of Welded Joints and Structures",
publisher = "Woodhead Publishing",
pages = "208 - 238",
year = "2011",
series = "Woodhead Publishing Series in Welding and Other Joining Technologies",
isbn = "978-1-84569-513-2",
doi = "https://doi.org/10.1533/9780857092502.2.208",
author = "G.B. Marquis",

}



@article{paris1963,
    author = {Paris, P. and Erdogan, F.},
    title = "{A Critical Analysis of Crack Propagation Laws}",
    journal = {Journal of Basic Engineering},
    volume = {85},
    number = {4},
    pages = {528-533},
    year = {1963},
    issn = {0021-9223},
    doi = {10.1115/1.3656900},
}




@BOOK{broek1986,
title = "Elementary engineering fracture mechanics",
author = "David Broek",
year = "1986",
publisher = "Springer Netherlands",
edition = "4th edition",

}


@article{RITCHIE1973639,
title = "Mechanisms of fatigue crack growth in low alloy steel",
journal = "Acta Metallurgica",
volume = "21",
number = "5",
pages = "639 - 648",
year = "1973",
issn = "0001-6160",
doi = "https://doi.org/10.1016/0001-6160(73)90073-4",
author = "R.O Ritchie and J.F Knott",

}


@article{Ritchie1999,
  title={Mechanisms of fatigue-crack propagation in ductile and brittle solids},
  author={Robert O Ritchie},
  journal={International Journal of Fracture},
  year={1999},
  volume={100},
  pages={55-83}
}

@article{BARONE201421,
title = "Reliability, risk and lifetime distributions as performance indicators for life-cycle maintenance of deteriorating structures",
journal = "Reliability Engineering and System Safety",
volume = "123",
pages = "21 - 37",
year = "2014",
issn = "0951-8320",
doi = "https://doi.org/10.1016/j.ress.2013.09.013",
url = "http://www.sciencedirect.com/science/article/pii/S0951832013002706",
author = "Giorgio Barone and Dan M. Frangopol",
}


@article{Nader2010,
author = {Nader M. Okasha  and Dan M. Frangopol },
title = {Novel Approach for Multicriteria Optimization of Life-Cycle Preventive and Essential Maintenance of Deteriorating Structures},
journal = {Journal of Structural Engineering},
volume = {136},
number = {8},
pages = {1009-1022},
year = {2010},
doi = {10.1061/(ASCE)ST.1943-541X.0000198}
}

@article{Kong2003a,
author = {Jung S. Kong  and Dan M. Frangopol },
title = {Evaluation of Expected Life-Cycle Maintenance Cost of Deteriorating Structures},
journal = {Journal of Structural Engineering},
volume = {129},
number = {5},
pages = {682-691},
year = {2003},
doi = {10.1061/(ASCE)0733-9445(2003)129:5(682)}
}

@article{Kong2003b,
author = {Jung S. Kong  and Dan M. Frangopol },
title = {Life-Cycle Reliability-Based Maintenance Cost Optimization of Deteriorating Structures with Emphasis on Bridges},
journal = {Journal of Structural Engineering},
volume = {129},
number = {6},
pages = {818-828},
year = {2003},
doi = {10.1061/(ASCE)0733-9445(2003)129:6(818)}
}

@article{Neves2006,
author = {Luís A. C. Neves  and Dan M. Frangopol  and Aruz Petcherdchoo },
title = {Probabilistic Lifetime-Oriented Multiobjective Optimization of Bridge Maintenance: Combination of Maintenance Types},
journal = {Journal of Structural Engineering},
volume = {132},
number = {11},
pages = {1821-1834},
year = {2006},
doi = {10.1061/(ASCE)0733-9445(2006)132:11(1821)}

}


@article{KIM2011,
title = "Optimum inspection planning for minimizing fatigue damage detection delay of ship hull structures",
journal = "International Journal of Fatigue",
volume = "33",
number = "3",
pages = "448 - 459",
year = "2011",
issn = "0142-1123",
doi = "https://doi.org/10.1016/j.ijfatigue.2010.09.018",
author = "Sunyong Kim and Dan M. Frangopol",
}

@BOOK{Farngbook2019,
title = "Life-Cycle of Structures Under Uncertainty: Emphasis on Fatigue-Sensitive Civil and Marine Structures",
author = "Dan M. Frangopol and Sunyong Kim",
year = "2019",
publisher = "CRC Press",
edition = "1st edition",

}

@article{Ghosn2016,
author = {M. Ghosn  and L. Dueñas-Osorio  and D. M. Frangopol  and T. P. McAllister  and P. Bocchini  and L. Manuel  and B. R. Ellingwood  and S. Arangio  and F. Bontempi  and M. Shah  and M. Akiyama  and F. Biondini  and S. Hernandez  and G. Tsiatas },
title = {Performance Indicators for Structural Systems and Infrastructure Networks},
journal = {Journal of Structural Engineering},
volume = {142},
number = {9},
pages = {F4016003},
year = {2016},
doi = {10.1061/(ASCE)ST.1943-541X.0001542}
}


@InProceedings{Str2017,
title = "Performance indicators for road bridges: overview of findings and future progress",
author = "Alfred Strauss and Ana MandićIvanković and Jose Campos Matos and Joan Ramon Casas ",
year = "2017",
doi = {10.5592/CO/BSHM2017.3.1},
publisher = "University of Zagreb",
booktitle = "The Value of Structural Health Monitoring for thereliable Bridge Management 2-3 March",
}


@InProceedings{MASCIOTTA2016,
title = "Development of Key Performance Indicators for the Structural Assessment of Heritage Buildings ",
author = "Maria Giovanna MASCIOTTA and Luís F. RAMOS and Paulo B. LOURENÇO and José A.C. MATOS",
year = "2016",
booktitle = "8th European Workshop On Structural Health Monitoring (EWSHM 2016), 5-8 July, Spain, Bilbao",
}


@article{OKASHA2010520,
title = "Redundancy of structural systems with and without maintenance: An approach based on lifetime functions",
journal = "Reliability Engineering and System Safety",
volume = "95",
number = "5",
pages = "520 - 533",
year = "2010",
issn = "0951-8320",
doi = "https://doi.org/10.1016/j.ress.2010.01.003",
author = "Nader M. Okasha and Dan M. Frangopol",
}

@inbook{Barron2007,
author = {Barron Bichon and Michael Eldred and Laura Swiler and Sankaran Mahadevan and John McFarland},
title = {Multimodal Reliability Assessment for Complex Engineering Applications using Efficient Global Optimization},
booktitle = {48th AIAA/ASME/ASCE/AHS/ASC Structures, Structural Dynamics, and Materials Conference},
year = {2007},
doi = {10.2514/6.2007-1946},

}

@ARTICLE{Huang2017, 

TITLE={Overview of Structural Reliability Analysis Methods-Part I: Local Reliability Methods}, 
  
AUTHOR={ChangWu Huang and Abdelkhalak El Hami and Bouchaïb Radi}, 
	
JOURNAL={Uncertainties and Reliability of Multiphysical Systems}, 
	
VOLUME={1}, 

NUMBER={Optimization and Reliability}, 
	
YEAR={2017}, 
	
DOI={10.21494/ISTE.OP.2017.0115}, 
}


@BOOK{Thoft1012,
title = "Structural reliability theory and its applications",
author = "Palle Thoft-Christensen and Michael Baker",
year = "2012",
publisher = " Springer Science and Business Media",

}


@article{Hasofer1974,
title = "Exact and Invariant Second-Moment Code Format",
journal = "Journal of the Engineering Mechanics Division",
volume = "100",
number = "1",
pages = "111-121",
year = "1974",
author = "A. M. Hasofer and N. C. Lind",
}


@BOOK{Melchers1999,
title = "Structural Reliability Analysis and Prediction",
author = "Robert E. Melchers",
year = "1999",
publisher = "John Wiley and Sons",

}

@article{Dong2013,
author = {Dong, You and Frangopol, Dan M. and Saydam, Duygu},
title = {Time-variant sustainability assessment of seismically vulnerable bridges subjected to multiple hazards},
journal = {Earthquake Engineering \& Structural Dynamics},
volume = {42},
number = {10},
pages = {1451-1467},
doi = {10.1002/eqe.2281},
year = {2013}
}

@article{Bocchini2014,
author = {Paolo Bocchini  and Dan M. Frangopol  and Thomas Ummenhofer  and Tim Zinke },
title = {Resilience and Sustainability of Civil Infrastructure: Toward a Unified Approach},
journal = {Journal of Infrastructure Systems},
volume = {20},
number = {2},
pages = {04014004},
year = {2014},
doi = {10.1061/(ASCE)IS.1943-555X.0000177}
}


@article{Okasha2010,
author = {Nader M. Okasha  and Dan M. Frangopol },
title = {Advanced Modeling for Efficient Computation of Life-Cycle Performance Prediction and Service-Life Estimation of Bridges},
journal = {Journal of Computing in Civil Engineering},
volume = {24},
number = {6},
pages = {548-556},
year = {2010},
doi = {10.1061/(ASCE)CP.1943-5487.0000060}
}

@article{Okasha2011,
title = "Computational platform for the integrated life-cycle management of highway bridges",
journal = "Engineering Structures",
volume = "33",
number = "7",
pages = "2145 - 2153",
year = "2011",
issn = "0141-0296",
doi = "https://doi.org/10.1016/j.engstruct.2011.03.005",
author = "Nader M. Okasha and Dan M. Frangopol",
}


@article{Frang2012,
title = "Integrated life-cycle framework for maintenance, monitoring, and reliability of naval ship structure",
journal = "Naval Engineers Journal",
volume = "124",
number = "1",
pages = "89-99",
year = "2012",
author = "Dan M. Frangopol and Paolo Bocchini and Alberto Decò and Sunyong Kim and Kihyon Kwon and Nader M.Okasha and Duygu Saydam ",
}



@article{KIM2012,
author = { Sunyong Kim and Dan M. Frangopol },
title = {Probabilistic bicriterion optimum inspection/monitoring planning: applications to naval ships and bridges under fatigue},
journal = {Structure and Infrastructure Engineering},
volume = {8},
number = {10},
pages = {912-927},
year  = {2012},
publisher = {Taylor \& Francis},
doi = {10.1080/15732479.2011.574811},

}

@article{KWON2011,
title = "Bridge fatigue assessment and management using reliability-based crack growth and probability of detection models",
journal = "Probabilistic Engineering Mechanics",
volume = "26",
number = "3",
pages = "471-480",
year = "2011",
issn = "0266-8920",
doi = "https://doi.org/10.1016/j.probengmech.2011.02.001",
author = "Kihyon Kwon and Dan M. Frangopol",
}


@article{KIM20111,
title = "Inspection and monitoring planning for RC structures based on minimization of expected damage detection delay",
journal = "Probabilistic Engineering Mechanics",
volume = "26",
number = "2",
pages = "308-320",
year = "2011",
issn = "0266-8920",
author = "Sunyong Kim and Dan M. Frangopol",

}

@article{Kim201111,
author = {Sunyong Kim  and Dan M. Frangopol },
title = {Cost-Based Optimum Scheduling of Inspection and Monitoring for Fatigue-Sensitive Structures under Uncertainty},
journal = {Journal of Structural Engineering},
volume = {137},
number = {11},
pages = {1319-1331},
year = {2011},
doi = {10.1061/(ASCE)ST.1943-541X.0000365}

}


@article{kwon2012,
author = { Kihyon Kwonand Dan M. Frangopol},
title = {System reliability of ship hull structures under corrosion and fatigue},
journal = { Journal of Ship Research},
volume = {95},
number = {4},
pages = {234-251},
year = {2012},
doi = {https://doi.org/10.5957/JOSR.56.4.100038}

}



@article{Kwon20122,
author = {Kihyon Kwon and Dan M. Frangopol  },
title = {Fatigue Life Assessment and Lifetime Management of Aluminum Ships Using Life-Cycle Optimization},
journal = {Journal of Ship Research},
volume = {56},
number = {2},
pages = {91-105},
year = {2012},
doi = {10.5957/josr.56.2.100027}

}


@BOOK{Farngbook2018,
title = "Structures and Infrastructure Systems: Life‐Cycle Performance, Management, and Optimization",
author = "Dan M. Frangopol",
year = "2018",
publisher = "CRC Press",
edition = "1st edition",

}




@article{RAHMAN201862,
title = "Deterministic sampling for propagating epistemic and aleatory uncertainty in dynamic event tree analysis",
journal = "Reliability Engineering \& System Safety",
volume = "175",
pages = "62 - 78",
year = "2018",
issn = "0951-8320",
doi = "https://doi.org/10.1016/j.ress.2018.03.009",
url = "http://www.sciencedirect.com/science/article/pii/S0951832017304775",
author = "S. Rahman and D.R. Karanki and A. Epiney and D. Wicaksono and O. Zerkak and V.N. Dang",

}


@article{KARANKI201791,
title = "Epistemic and aleatory uncertainties in integrated deterministic and probabilistic safety assessment: Tradeoff between accuracy and accident simulations",
journal = "Reliability Engineering \& System Safety",
volume = "162",
pages = "91 - 102",
year = "2017",
issn = "0951-8320",
doi = "https://doi.org/10.1016/j.ress.2017.01.015",
url = "http://www.sciencedirect.com/science/article/pii/S0951832016300862",
author = "D.R. Karanki and S. Rahman and V.N. Dang and O. Zerkak",

}

@article{FERCHICHI201724,
title = "Propagating aleatory and epistemic uncertainty in land cover change prediction process",
journal = "Ecological Informatics",
volume = "37",
pages = "24 - 37",
year = "2017",
issn = "1574-9541",
doi = "https://doi.org/10.1016/j.ecoinf.2016.11.006",
url = "http://www.sciencedirect.com/science/article/pii/S1574954116302096",
author = "Ahlem Ferchichi and Wadii Boulila and Imed Riadh Farah",

}


@BOOK{Leemis,
title = " Reliability, Probabilistic Models and Statistical Methods",
author = "L.M Leemis",
year = "1995",
publisher = "Prentice Hall, New Jersey",

}



@BOOK{Rausand2003,
title = "System Reliability Theory: Models, Statistical Methods, and Applications, 2nd Edition",
author = "Marvin Rausand and Arnljot Høyland",
year = "2003",
publisher = " John Wiley \& Sons, New York",
edition = "2nd edition",

}


@article{orcesi2011,
author = {André D. Orcesi  and Dan M. Frangopol },
title = {Use of Lifetime Functions in the Optimization of Nondestructive Inspection Strategies for Bridges},
journal = {Journal of Structural Engineering},
volume = {137},
number = {4},
pages = {531-539},
year = {2011},
doi = {10.1061/(ASCE)ST.1943-541X.0000304}

}

@article{okasha2009,
author = { Nader M.   Okasha  and  Dan M.   Frangopol },
title = {Time-variant redundancy of structural systems},
journal = {Structure and Infrastructure Engineering},
volume = {6},
number = {1-2},
pages = {279-301},
year  = {2009},
publisher = {Taylor & Francis},
doi = {10.1080/15732470802664514},


}

@article{YANG200439,
title = "Service life prediction of structural systems using lifetime functions with emphasis on bridges",
journal = "Reliability Engineering \& System Safety",
volume = "86",
number = "1",
pages = "39 - 51",
year = "2004",
issn = "0951-8320",
doi = "https://doi.org/10.1016/j.ress.2003.12.009",
author = "Seung-Ie Yang and Dan M Frangopol and Luis C Neves",

}

@article{SUSMEL20091074,
title = "Three different ways of using the Modified Wöhler Curve Method to perform the multiaxial fatigue assessment of steel and aluminium welded joints",
journal = "Engineering Failure Analysis",
volume = "16",
number = "4",
pages = "1074 - 1089",
year = "2009",
note = "Papers presented at the Third International Conference on Engineering Failure Analysis (Sitges, Spain, 13-16 July 2008)",
issn = "1350-6307",
doi = "https://doi.org/10.1016/j.engfailanal.2008.05.016",
author = "Luca Susmel",

}

@article{SUSMEL20111075,
title = "Accuracy of the Modified Wöhler Curve Method applied along with the rref=1mm concept in estimating lifetime of welded joints subjected to multiaxial fatigue loading",
journal = "International Journal of Fatigue",
volume = "33",
number = "8",
pages = "1075 - 1091",
year = "2011",
note = "Multiaxial Fatigue Models",
issn = "0142-1123",
doi = "https://doi.org/10.1016/j.ijfatigue.2010.09.010",
author = "L. Susmel and C.M. Sonsino and R. Tovo",
}


@InProceedings{Basquin1910,
title = "The Exponential Law of Endurance Tests ",
author = "O. H. Basquin",
year = "1910",
pages = "625-630",
volume = "10",
booktitle = "American Society for Testing and Materials Proceedings",
}

@article{FRICKE2003185,
title = "Fatigue analysis of welded joints: state of development",
journal = "Marine Structures",
volume = "16",
number = "3",
pages = "185 - 200",
year = "2003",
issn = "0951-8339",
doi = "https://doi.org/10.1016/S0951-8339(02)00075-8",
author = "Wolfgang Fricke",
}


@article{RADAJ1996153,
title = "Review of fatigue strength assessment of nonwelded and welded structures based on local parameters",
journal = "International Journal of Fatigue",
volume = "18",
number = "3",
pages = "153 - 170",
year = "1996",
issn = "0142-1123",
doi = "https://doi.org/10.1016/0142-1123(95)00117-4",
author = "D. Radaj",

}


@incollection{RADAJ200691,
title = "4 - Notch stress approach for seam-welded joints",
editor = "D. Radaj and C.M. Sonsino and W. Fricke",
booktitle = "Fatigue Assessment of Welded Joints by Local Approaches (Second Edition)",
publisher = "Woodhead Publishing",
edition = "Second Edition",
pages = "91 - 190",
year = "2006",
series = "Woodhead Publishing Series in Welding and Other Joining Technologies",
isbn = "978-1-85573-948-2",
doi = "https://doi.org/10.1533/9781845691882.91",
author = "D. Radaj and C.M. Sonsino and W. Fricke"
}


@incollection{RADAJ1990208,
title = "8 - Notch stress approach for assessment of fatigue strength of seam welded joints",
editor = "Dieter Radaj",
booktitle = "Design and Analysis of Fatigue Resistant Welded Structures",
publisher = "Woodhead Publishing",
pages = "208 - 276",
year = "1990",
series = "Woodhead Publishing Series in Welding and Other Joining Technologies",
isbn = "978-1-85573-004-5",
doi = "https://doi.org/10.1533/9781845698751.208",
url = "http://www.sciencedirect.com/science/article/pii/B978185573004550012X",
author = "Dieter Radaj"
}

@Article{Miyamoto2015,
author="Miyamoto, Ayaho
and Motoshita, Minoru",
title="Development and Practical Application of a Bridge Management System (J-BMS) in Japan",
journal="Civil Engineering Infrastructures Journal",
year="2015",
volume="48",
number="1",
pages="189-216",
doi="10.7508/ceij.2015.01.013",
}


@Inbook{Shetty1997,
author="Shetty, Navil K.",
editor="Soares, C. Guedes",
title="Probabilistic Fatigue Assessment of Welded Joints",
bookTitle="Probabilistic Methods for Structural Design",
year="1997",
publisher="Springer Netherlands",
address="Dordrecht",
pages="85--111",
isbn="978-94-011-5614-1",
doi="10.1007/978-94-011-5614-1_5",
}


@article{Lukic2001,
author = {Mladen Lukic and Christian Cremona },
title = {Probabilistic Assessment of Welded Joints versus Fatigue and Fracture},
journal = {Journal of Structural Engineering},
volume = {127},
number = {2},
pages = {211-218},
year = {2001},
doi = {10.1061/(ASCE)0733-9445(2001)127:2(211)}

}


@article{Byers1997,
author = {William G. Byers  and Mark J. Marley  and Jamshid Mohammadi  and Richard J. Nielsen  and Shahram Sarkani },
title = {Fatigue Reliability Reassessment Procedures: State-of-the-Art Paper},
journal = {Journal of Structural Engineering},
volume = {123},
number = {3},
pages = {271-276},
year = {1997},
doi = {10.1061/(ASCE)0733-9445(1997)123:3(271)}

}


@article{Ye2014,
author = {X. W. Ye and Y. H. Su and J. P. Han},
title = {A State-of-the-Art Review on Fatigue Life Assessment of Steel Bridges,},
journal = {Mathematical Problems in Engineering},
pages = {1-13},
year = {2014},
doi = {https://doi.org/10.1155/2014/956473}

}


@article{Wang2005,
author = {Ton-Lo Wang  and Chunhua Liu  and Dongzhou Huang  and Mohsen Shahawy },
title = {Truck Loading and Fatigue Damage Analysis for Girder Bridges Based on Weigh-in-Motion Data},
journal = {Journal of Bridge Engineering},
volume = {10},
number = {1},
pages = {12-20},
year = {2005},
doi = {10.1061/(ASCE)1084-0702(2005)10:1(12)}
}


@article{Chotickai2006,
author = {Piya Chotickai  and Mark D. Bowman },
title = {Truck Models for Improved Fatigue Life Predictions of Steel Bridges},
journal = {Journal of Bridge Engineering},
volume = {11},
number = {1},
pages = {71-80},
year = {2006},
doi = {10.1061/(ASCE)1084-0702(2006)11:1(71)}

}


@article{SZERSZEN199983,
title = "Fatigue reliability of steel bridges",
journal = "Journal of Constructional Steel Research",
volume = "52",
number = "1",
pages = "83 - 92",
year = "1999",
issn = "0143-974X",
doi = "https://doi.org/10.1016/S0143-974X(99)00015-2",
author = "Maria M Szerszen and Andrzej S Nowak and Jeffrey A Laman",
}

@article{Wirsching1970,
title = "Statistical methods in structural fatigue",
journal = "ASCE Journal of the Structural Division",
volume = "96",
number = "6",
pages = "1201–1219",
year = "1970",
author = "P. H. Wirsching and J. T. P. Yao",
}


@article{YAN2000481,
title = "Prediction of fatigue life and its probability distribution of notched friction welded joints under variable-amplitude loading",
journal = "International Journal of Fatigue",
volume = "22",
number = "6",
pages = "481 - 494",
year = "2000",
issn = "0142-1123",
doi = "https://doi.org/10.1016/S0142-1123(00)00021-9",
author = "J.H. Yan and X.L. Zheng and K. Zhao",

}

@article{Jakubczak2006,
author = {Hieronim Jakubczak and Wojciech Sobczykiewicz and Grzegorz Glinka},
title = {Fatigue reliability of structural components},
journal = {International Journal of Materials and Product Technology},
volume = {25},
number = {1-3},
pages = {64-83},
year = {2006},
doi = {10.1504/IJMPT.2006.008274},

}



@InProceedings{Ang1975,
title = "Practical reliability basis for structural fatigue",
author = "A. H. S. Ang and W. H. Munse",
year = "1975",
booktitle = "in Proceedings of the ASCE National Structural Engineering Conference, New Orleans, La, USA, April",
}


@inproceedings{Yamada1976,
  title={FATIGUE DESIGN OF WELDED BRIDGE DETAILS FOR SERVICE STRESSES},
  author={Kentaro Yamada and Pedro Albrecht},
  year={1976}
}


@article{Wirsching1984,
author = {Paul H. Wirsching },
title = {Fatigue Reliability for Offshore Structures},
journal = {Journal of Structural Engineering},
volume = {110},
number = {10},
pages = {2340-2356},
year = {1984},
doi = {10.1061/(ASCE)0733-9445(1984)110:10(2340)}

}

@article{Ni2012,
author = {Y. Q. Ni  and X. W. Ye  and J. M. Ko },
title = {Modeling of Stress Spectrum Using Long-Term Monitoring Data and Finite Mixture Distributions},
journal = {Journal of Engineering Mechanics},
volume = {138},
number = {2},
pages = {175-183},
year = {2012},
doi = {10.1061/(ASCE)EM.1943-7889.0000313}

}


@article{Kihyon2012,
author = {Kihyon Kwon and Dan M. Frangopol and Mohamed Soliman },
title = {Probabilistic Fatigue Life Estimation of Steel Bridges by Using a Bilinear S-N Approach},
journal = {Journal of Bridge Engineering},
volume = {17},
number = {1},
pages = {58-70},
year = {2012},
doi = {10.1061/(ASCE)BE.1943-5592.0000225}

}


@article{Soliman2013,
author = {Mohamed Soliman  and Dan M. Frangopol  and Kihyon Kown },
title = {Fatigue Assessment and Service Life Prediction of Existing Steel Bridges by Integrating SHM into a Probabilistic Bilinear S-N Approach},
journal = {Journal of Structural Engineering},
volume = {139},
number = {10},
pages = {1728-1740},
year = {2013},
doi = {10.1061/(ASCE)ST.1943-541X.0000584}

}


@article{Park2005,
author = {Y.-S. Park and S.-Y. Han and B.-C. Suh},
title = {Fatigue reliability analysis of steel bridge welding member by fracture mechanics method},
journal = {Structural Engineering and Mechanics},
volume = {19},
number = {3},
pages = {347–359},
year = {2005},

}


@article{ZHAO1996775,
title = "Bridge fatigue damage evaluation and updating using non-destructive inspections",
journal = "Engineering Fracture Mechanics",
volume = "53",
number = "5",
pages = "775 - 788",
year = "1996",
issn = "0013-7944",
doi = "https://doi.org/10.1016/0013-7944(95)00136-0",
author = "Zhengwei Zhao and Achintya Haldar",

}

@article{RIGHINIOTIS2003867,
title = "Probabilistic fatigue analysis under constant amplitude loading",
journal = "Journal of Constructional Steel Research",
volume = "59",
number = "7",
pages = "867 - 886",
year = "2003",
issn = "0143-974X",
doi = "https://doi.org/10.1016/S0143-974X(03)00002-6",
url = "http://www.sciencedirect.com/science/article/pii/S0143974X03000026",
author = "T.D Righiniotis and M.K Chryssanthopoulos",

}


@article{PIPINATO2011202,
title = "Fatigue assessment of highway steel bridges in presence of seismic loading",
journal = "Engineering Structures",
volume = "33",
number = "1",
pages = "202 - 209",
year = "2011",
issn = "0141-0296",
doi = "https://doi.org/10.1016/j.engstruct.2010.10.008",
url = "http://www.sciencedirect.com/science/article/pii/S014102961000386X",
author = "A. Pipinato and C. Pellegrino and C. Modena",

}

@article{Wang20121,
author = {Chun Sheng Wang  and Long Hao  and Bing Ning Fu },
title = {Fatigue Reliability Updating Evaluation of Existing Steel Bridges},
journal = {Journal of Bridge Engineering},
volume = {17},
number = {6},
pages = {955-965},
year = {2012},
doi = {10.1061/(ASCE)BE.1943-5592.0000354}

}



@article{Guo2013,
author = { Tong   Guo  and  Yu-Wen   Chen },
title = {Fatigue reliability analysis of steel bridge details based on field-monitored data and linear elastic fracture mechanics},
journal = {Structure and Infrastructure Engineering},
volume = {9},
number = {6},
pages = {617-617},
year  = {2013},
publisher = {Taylor & Francis},
doi = {10.1080/15732479.2012.679830},

}

@article{MORENO2003597,
title = "An experimental analysis of fatigue crack growth under random loading",
journal = "International Journal of Fatigue",
volume = "25",
number = "7",
pages = "597 - 608",
year = "2003",
issn = "0142-1123",
doi = "https://doi.org/10.1016/S0142-1123(03)00018-5",
url = "http://www.sciencedirect.com/science/article/pii/S0142112303000185",
author = "B Moreno and J Zapatero and J Domínguez",

}



@article{ZAPATERO2005878,
title = "Numerical and experimental analysis of fatigue crack growth under random loading",
journal = "International Journal of Fatigue",
volume = "27",
number = "8",
pages = "878 - 890",
year = "2005",
note = "Cumulative Fatigue Damage Conference - University of Seville 2003",
issn = "0142-1123",
doi = "https://doi.org/10.1016/j.ijfatigue.2004.12.008",
url = "http://www.sciencedirect.com/science/article/pii/S0142112305000629",
author = "J. Zapatero and B. Moreno and A. González-Herrera and J. Domínguez",

}

@article{LING2011868,
title = "Stochastic prediction of fatigue loading using real-time monitoring data",
journal = "International Journal of Fatigue",
volume = "33",
number = "7",
pages = "868 - 879",
year = "2011",
issn = "0142-1123",
doi = "https://doi.org/10.1016/j.ijfatigue.2011.01.015",
url = "http://www.sciencedirect.com/science/article/pii/S0142112311000326",
author = "You Ling and Christopher Shantz and Sankaran Mahadevan and Shankar Sankararaman",

}


@inproceedings{Dowling1971FatigueFP,
  title={Fatigue Failure Predictions for Complicated Stress-Strain Histories},
  author={Ne Dowling},
  year={1971}
}


@article{KRENK1989247,
title = "A Markov matrix for fatigue load simulation and rainflow range evaluation",
journal = "Structural Safety",
volume = "6",
number = "2",
pages = "247 - 258",
year = "1989",
issn = "0167-4730",
doi = "https://doi.org/10.1016/0167-4730(89)90025-8",
url = "http://www.sciencedirect.com/science/article/pii/0167473089900258",
author = "S. Krenk and H. Gluver",

}

@article{BENASCIUTTI2007232,
title = "On fatigue damage assessment in bimodal random processes",
journal = "International Journal of Fatigue",
volume = "29",
number = "2",
pages = "232 - 244",
year = "2007",
issn = "0142-1123",
doi = "https://doi.org/10.1016/j.ijfatigue.2006.03.013",
url = "http://www.sciencedirect.com/science/article/pii/S0142112306001368",

}


@inproceedings{Swartz2009DamageCO,
  title={Damage Characterization of the Z 24 Bridge by Transfer Function Pole Migration},
  author={R. Andrew Swartz and Jerome P. Lynch},
  year={2009}
}

@BOOK{Fisher1998,
      title = {A Fatigue Primer for Structural Engineers},
      author = {Fisher, J. W. and Kulak, G. L. and Smith, I.F.C.},
      publisher = {National Steel Bridge Alliance, American Institute of  Steel Construction},
      year = {1998},
      url = {http://infoscience.epfl.ch/record/110060},
}

@article{ZHU20131836,
title = "Reliability assessment of ship structures using Bayesian updating",
journal = "Engineering Structures",
volume = "56",
pages = "1836 - 1847",
year = "2013",
issn = "0141-0296",
doi = "https://doi.org/10.1016/j.engstruct.2013.07.024",
url = "http://www.sciencedirect.com/science/article/pii/S0141029613003489",
author = "Benjin Zhu and Dan M. Frangopol",

}


@article{Zhu2013,
author = {Benjin Zhu and Dan M Frangopol},
title ={Incorporation of structural health monitoring data on load effects in the reliability and redundancy assessment of ship cross-sections using Bayesian updating},
journal = {Structural Health Monitoring},
volume = {12},
number = {4},
pages = {377-392},
year = {2013},
doi = {10.1177/1475921713495082},

}



@article{Moan2005,
author = { T   Moan },
title = {Reliability-based management of inspection, maintenance and repair of offshore structures},
journal = {Structure and Infrastructure Engineering},
volume = {1},
number = {1},
pages = {33-62},
year  = {2005},
publisher = {Taylor & Francis},
doi = {10.1080/15732470412331289314},


}



@article{Ciang2008,
author = {Chia Chen Ciang and Jung-Ryul Lee and Hyung-Joon Bang},
title = {Structural health monitoring for a wind turbine system: a review of damage detection methods},
journal = {Measurement Science and Technology},
volume = {19},
number = {12},
year  = {2008},

}


@BOOK{Demsetz1996,
      title = {Inspection of Marine Structures},
      author = {Laura A. Demsetz},
      publisher = {Ship Structure Committee},
      year = {1996},

}


@article
{SOLIMAN201691,
title = "A probabilistic approach for optimizing inspection, monitoring, and maintenance actions against fatigue of critical ship details",
journal = "Structural Safety",
volume = "60",
pages = "91 - 101",
year = "2016",
issn = "0167-4730",
doi = "https://doi.org/10.1016/j.strusafe.2015.12.004",
url = "http://www.sciencedirect.com/science/article/pii/S0167473016000047",
author = "Mohamed Soliman and Dan M. Frangopol and Alysson Mondoro",

}



@BOOK{Hellier2012,
      title = {Handbook of Nondestructive Evaluation},
      author = {Charles J. Hellier},
      publisher = {McGraw-Hill },
      edition = {2nd edition},
      year = {2012},

}


@article{ANTONACI201226,
title = "Fatigue crack propagation monitoring by Acoustic Emission signal analysis",
journal = "Engineering Fracture Mechanics",
volume = "81",
pages = "26 - 32",
year = "2012",
note = "Fracture and Damage Analysis in Design",
issn = "0013-7944",
doi = "https://doi.org/10.1016/j.engfracmech.2011.09.017",
url = "http://www.sciencedirect.com/science/article/pii/S0013794411003651",
author = "P. Antonaci and P. Bocca and D. Masera",

}



@article{Anastasopoulos2009,
author = { A.   Anastasopoulos  and  D.   Kourousis  and  S.   Botten  and  G.   Wang },
title = {Acoustic emission monitoring for detecting structural defects in vessels and offshore structures},
journal = {Ships and Offshore Structures},
volume = {4},
number = {4},
pages = {363-372},
year  = {2009},
publisher = {Taylor & Francis},
doi = {10.1080/17445300903133099},


}



@BOOK{Connor2017,
      title = {Maintenance Actions to Address Fatigue Cracking in Steel Bridge Structures: Proposed Guidelines and Commentary},
      author = {Robert J. Connor and Jason B. Lloyd},
      publisher = {West Lafayette, IN: Purdue University},
      year = {2017},
      doi = {https://doi.org/10.5703/1288284316552}
}




@article{Frangopol1997,
author = {Dan M. Frangopol  and Kai-Yung Lin  and Allen C. Estes },
title = {Life-Cycle Cost Design of Deteriorating Structures},
journal = {Journal of Structural Engineering},
volume = {123},
number = {10},
pages = {1390-1401},
year = {1997},
doi = {10.1061/(ASCE)0733-9445(1997)123:10(1390)}

}



@article{Liu2005,
author = {Min Liu  and Dan M. Frangopol },
title = {Multiobjective Maintenance Planning Optimization for Deteriorating Bridges Considering Condition, Safety, and Life-Cycle Cost},
journal = {Journal of Structural Engineering},
volume = {131},
number = {5},
pages = {833-842},
year = {2005},
doi = {10.1061/(ASCE)0733-9445(2005)131:5(833)}

}



@article{Frang2007,
author = { Dan M.   Frangopol  and  Min   Liu },
title = {Maintenance and management of civil infrastructure based on condition, safety, optimization, and life-cycle cost∗},
journal = {Structure and Infrastructure Engineering},
volume = {3},
number = {1},
pages = {29-41},
year  = {2007},
publisher = {Taylor & Francis},
doi = {10.1080/15732470500253164},


}


@article{ORCESI201126,
title = "Optimization of bridge maintenance strategies based on structural health monitoring information",
journal = "Structural Safety",
volume = "33",
number = "1",
pages = "26 - 41",
year = "2011",
issn = "0167-4730",
doi = "https://doi.org/10.1016/j.strusafe.2010.05.002",
url = "http://www.sciencedirect.com/science/article/pii/S0167473010000627",
author = "André D. Orcesi and Dan M. Frangopol",

}


@article{Kim2017,
author = {Sunyong Kim and Dan M. Frangopol},
title = {Efficient multi-objective optimisation of probabilistic service life management},
journal = {Structure and Infrastructure Engineering},
volume = {13},
number = {1},
pages = {147-159},
year  = {2017},
publisher = {Taylor & Francis},
doi = {10.1080/15732479.2016.1198405},


}


@article{KIM2018356,
title = "Decision making for probabilistic fatigue inspection planning based on multi-objective optimization",
journal = "International Journal of Fatigue",
volume = "111",
pages = "356 - 368",
year = "2018",
issn = "0142-1123",
doi = "https://doi.org/10.1016/j.ijfatigue.2018.01.027",
url = "http://www.sciencedirect.com/science/article/pii/S0142112318300331",
author = "Sunyong Kim and Dan M. Frangopol",

}


@article{ORCESI2010627,
title = "Optimization of bridge maintenance strategies based on multiple limit states and monitoring",
journal = "Engineering Structures",
volume = "32",
number = "3",
pages = "627 - 640",
year = "2010",
issn = "0141-0296",
doi = "https://doi.org/10.1016/j.engstruct.2009.11.009",
url = "http://www.sciencedirect.com/science/article/pii/S014102960900354X",
author = "André D. Orcesi and Dan M. Frangopol and Sunyong Kim",

}

@article{SOLIMAN2013996,
title = "Probabilistic optimum inspection planning of steel bridges with multiple fatigue sensitive details",
journal = "Engineering Structures",
volume = "49",
pages = "996 - 1006",
year = "2013",
issn = "0141-0296",
doi = "https://doi.org/10.1016/j.engstruct.2012.12.044",
url = "http://www.sciencedirect.com/science/article/pii/S0141029613000163",
author = "Mohamed Soliman and Dan M. Frangopol and Sunyong Kim",

}


@Article{Kim2018,
author="Kim, Sunyong
and Frangopol, Dan M.",
title="Multi-objective probabilistic optimum monitoring planning considering fatigue damage detection, maintenance, reliability, service life and cost",
journal="Structural and Multidisciplinary Optimization",
year="2018",
month="Jan",
day="01",
volume="57",
number="1",
pages="39--54",
doi="10.1007/s00158-017-1849-3",

}



%%%%%%%%%%%%%%%%%%%%%
%% Biblio for time-dependent reliability
%%%%%%%%%%%%%%%%%%%%%


@article{FAURIAT2014137,
title = "{AK-SYS}: An adaptation of the {AK-MCS} method for system reliability",
journal = "Reliability Engineering and System Safety",
volume = "123",
pages = "137 - 144",
year = "2014",
issn = "0951-8320",
doi = "https://doi.org/10.1016/j.ress.2013.10.010",
url = "http://www.sciencedirect.com/science/article/pii/S0951832013002949",
author = "W. Fauriat and N. Gayton",
}


@article{Singh2010,
title = "Design for Lifecycle Cost Using Time-Dependent Reliability",
journal = "Journal of Mechanical Design",
volume = "132",
pages = "091008-091008-11",
year = "2010",
issn = "1050-0472",
doi = "doi: 10.1115/1.4002200",
url = "http://dx.doi.org/10.1115/1.4002200",
author = "A. Singh and ZP. Mourelatos and J. Li",
}


@article{HAWCHAR2017406,
title = "Principal component analysis and polynomial chaos expansion for time-variant reliability problems",
journal = "Reliability Engineering and System Safety",
volume = "167",
pages = "406 - 416",
year = "2017",
note = "Special Section: Applications of Probabilistic Graphical Models in Dependability, Diagnosis and Prognosis",
issn = "0951-8320",
doi = "https://doi.org/10.1016/j.ress.2017.06.024",
url = "http://www.sciencedirect.com/science/article/pii/S0951832016302587",
author = "Lara Hawchar and Charbel-Pierre El Soueidy and Franck Schoefs",
}


@article{Zhen2016,
title = "A Single-Loop Kriging Surrogate Modeling for Time-Dependent Reliability Analysis",
journal = "Journal of Mechanical Design",
volume = "138",
pages = "061406-061406-10",
year = "2016",
issn = "",
doi = "doi: 10.1115/1.4033428",
url = "http://dx.doi.org/10.1115/1.4033428",
author = "Zhen Hu and Sankaran Mahadevan",
}


@article{WANG201370,
title = "A new approach for reliability analysis with time-variant performance characteristics",
journal = "Reliability Engineering and System Safety", 
volume = "115",
pages = "70 - 81",
year = "2013",
issn = "0951-8320",
doi = "https://doi.org/10.1016/j.ress.2013.02.017",
url = "http://www.sciencedirect.com/science/article/pii/S0951832013000525",
author = "Zequn Wang and Pingfeng Wang",

}


@article{Zhen2013,
title = {A Sampling Approach to Extreme Value Distribution for Time-Dependent Reliability Analysis},
journal = {Journal of Mechanical Design},
volume = {135},
pages = {071003-071003-8},
year = {2013},
issn = "1050-0472",
doi = "doi: 10.1115/1.4023925",
url = "http://dx.doi.org/10.1115/1.4023925",
author = {Zhen Hu and Xiaoping Du},

}


@article{VANNOORTWIJK20071651,
title = "Gamma processes and peaks-over-threshold distributions for time-dependent reliability",
journal = "Reliability Engineering and System Safety",
volume = "92",
number = "12",
pages = "1651 - 1658",
year = "2007",
note = "Special Issue on ESREL 2005",
issn = "0951-8320",
doi = "https://doi.org/10.1016/j.ress.2006.11.003",
url = "http://www.sciencedirect.com/science/article/pii/S0951832006002584",
author = "J.M. van Noortwijk and J.A.M. van der Weide and M.J. Kallen and M.D. Pandey",

}


@article{Tont2010,
title = "Markov Approach of Adaptive Task Assignment for Robotic System in Non-Stationary Environments",
journal = "WSEAS Trans. Circuits Syst",
volume = "9",
pages = "273-282",
year = "2010",
url = "http://www.worldses.org/journals/systems/systems-2010.htm",
author = "Gabriela Tont and Luige Vladareanu and Mihai Stelian Munteanu and D.G. Tont",
}



@article{Surdet2008,
title = "Analytical derivation of the outcrossing rate in time-variant reliability problems",
journal = "Structure and Infrastructure Engineering",
volume = "4",
number = "5",
pages = "353-362",
year  = "2008",
doi = "10.1080/15732470701270058",
URL = "https://doi.org/10.1080/15732470701270058",
author = "B. Sudret",     

}


@article{CHEN200777,  
title = "The extreme value distribution and dynamic reliability analysis of nonlinear structures with uncertain parameters",
journal = "Structural Safety",
volume = "29",
number = "2",
pages = "77 - 93",
year = "2007",
issn = "0167-4730",
doi = "https://doi.org/10.1016/j.strusafe.2006.02.002",
url = "http://www.sciencedirect.com/science/article/pii/S0167473006000142",
author = "Jian-Bing Chen and Jie Li",

}


@ARTICLE{Rice1944, 
title = "Mathematical analysis of random noise", 
journal = "The Bell System Technical", 
volume = "23", 
number = "3", 
pages = "282-332", 
year = "1944", 
issn = "0005-8580", 
doi = "10.1002/j.1538-7305.1944.tb00874.x", 
author = "S.O. Rice", 
}

@article{ANDRIEURENAUD200475,
title = "The PHI2 method: a way to compute time-variant reliability",
journal = "Reliability Engineering and System Safety",
volume = "84",
number = "1",
pages = "75 - 86",
year = "2004",
note = "Selected papers from ESREL 2002",
issn = "0951-8320",
doi = "https://doi.org/10.1016/j.ress.2003.10.005",
url = "http://www.sciencedirect.com/science/article/pii/S0951832003002321",
author = "C. Andrieu-Renaud and B. Sudret and M. Lemaire",

}


@article{ECHARD2011145,
author = "B. Echard and N. Gayton and M. Lemaire",
title = "{AK-MCS}: {An} active learning reliability method combining {Kriging} and Monte Carlo Simulation",
journal = "Structural Safety",
volume = "33",
number = "2",
pages = "145 - 154",
year = "2011",
issn = "0167-4730",
doi = "https://doi.org/10.1016/j.strusafe.2011.01.002",
url = "http://www.sciencedirect.com/science/article/pii/S0167473011000038",
}


@article{Ranjan2008,
title = "Sequential Experiment Design for Contour Estimation From Complex Computer Codes",
journal = "Technometrics",
volume = "50",
number = "4",
pages = "527 - 541",
year = "2008",
doi = "10.1198/004017008000000541",
url = "https://doi.org/10.1198/004017008000000541",
author = "P. Ranjan and D. Bingham and G. Michailidis",

}


@article{Zhang2011,
title = "Time-Dependent Reliability Analysis for Function Generator Mechanisms",
journal = "Journal of Mechanical Design",
volume = "133",
number = "",
pages = "031005-9",
year = "2011",
doi = "doi: 10.1115/1.4003539",
url = "http://dx.doi.org/10.1115/1.4003539",
author = "Junfu Zhang and Xiaoping Du",

}

@article{Du2012,
title = "Toward Time-Dependent Robustness Metrics",
journal = "Journal of Mechanical Design",
volume = "134",
number = "",
pages = "011004-8",
year = "2012",
issn = "1050-0472",
doi = "doi: 10.1115/1.4005445",
url = "http://dx.doi.org/10.1115/1.4005445",
author = "Xiaoping Du",

}


@article{Wang2012,
title = "A Nested Extreme Response Surface Approach for Time-Dependent Reliability-Based Design Optimization",
journal = "Journal of Mechanical Design",
volume = "134",
number = "",
pages = "121007-14",
year = "2012",
issn = "1050-0472",
doi = "doi: 10.1115/1.4007931",
url = "http://dx.doi.org/10.1115/1.4007931",
author = "Zequn Wang and Pingfeng Wang",

}


@article{Zhen2015,
title = "Mixed Efficient Global Optimization for Time-Dependent Reliability Analysis",
journal = "Journal of Mechanical Design",
volume = "137",
number = "",
pages = "051401-9",
year = "2015",
issn = "1050-0472",
doi = "doi: 10.1115/1.4029520",
url = "http://dx.doi.org/10.1115/1.4029520",
author = "Zhen Hu and Xiaoping Du",

}

@article{Lara2015,
title = "Time-variant reliability analysis using polynomial chaos expansion",
journal = "International Conference on Applications of Statistics and Probability",
year = "2015",
doi = "10.14288/1.0076086",
url = "	http://creativecommons.org/licenses/by-nc-nd/2.5/ca/",
author = "Lara Hawchar and C.P.E Soueidy and Franck Schoefs",

}


@article{Wang2013,
title = "Time-Dependent Reliability-Based Design Optimization Utilizing Nonintrusive Polynomial Chaos",
journal = "Journal of Applied Mathematics",
volume = "2013",
number = "",
pages = "15",
year = "2013",
issn = "",
doi = "10.1155/2013/513261",
url = "http://dx.doi.org/10.1155/2013/513261",
author = "Yao Wang and Shengkui Zheng and Jianbin Guo",

}


@article{WANG201776,
title = "Confidence-based adaptive extreme response surface for time-variant reliability analysis under random excitation",
journal = "Structural Safety",
volume = "64",
pages = "76 - 86",
year = "2017",
issn = "0167-4730",
doi = "https://doi.org/10.1016/j.strusafe.2016.10.001",
url = "http://www.sciencedirect.com/science/article/pii/S0167473016301205",
author = "Zequn Wang and Wei Chen",

}


@article{Li1993,
title = "Optimal Discretization of Random Fields",
journal = "Journal of Engineering Mechanics",
volume = "119",
pages = "1136-1154",
year = "1993",
issn = "",
doi = "doi:10.1061/(ASCE)0733-9399(1993)119:6(1136).",
url = "",
author = "CC. Li and A.D Kiureghian ",

}

@article{Zhang1994,
title = "Orthogonal Series Expansions of Random Fields in Reliability Analysis",
journal = "Journal of Engineering Mechanics",
volume = "120",
number = "12",
pages = "2660-2677",
year = "1994",
doi = "10.1061/(ASCE)0733-9399(1994)120:12(2660)",
author = "Jun Zhang  and Bruce Ellingwood ",
}

@article{SUDRET2008964,
title = "Global sensitivity analysis using polynomial chaos expansions",
journal = "Reliability Engineering and System Safety",
volume = "93",
number = "7",
pages = "964 - 979",
year = "2008",
note = "Bayesian Networks in Dependability",
issn = "0951-8320",
doi = "https://doi.org/10.1016/j.ress.2007.04.002",
url = "http://www.sciencedirect.com/science/article/pii/S0951832007001329",
author = "Bruno Sudret",

}

@article{Marrel2011,
title = "Global sensitivity analysis for models with spatially dependent outputs",
journal = "Environmetrics",
volume = "22",
number = "",
pages = " 383-397",
year = "2011",
doi = "https://doi.org/10.1002/env.1071 ",
author = "Amandine Marrel and Bertrand Iooss and Michel Jullien and Beatrice Laurent and Elena Volkova",

}


@article{Zhen2014,
title = "Lifetime cost optimization with time-dependent reliability",
journal = "Engineering Optimization",
volume = "46",
number = "10",
pages = "1389-1410",
year = "2014",
doi = "10.1080/0305215X.2013.841905",
author = "Zhen Hu and Xiaoping Du",

}

@article{Youn2011,
title = "Resilience-Driven System Design of Complex Engineered Systems",
journal = "Journal of Mechanical Design",
volume = "133",
number = "15",
pages = "101011",
year = "2011",
doi = "",
author = "Youn B.Dong and Hu Chao and Wang Pingfeng",

}


@article{DOGUC2009542,
title = "A generic method for estimating system reliability using Bayesian networks",
journal = "Reliability Engineering and System Safety",
volume = "94",
number = "2",
pages = "542 - 550",
year = "2009",
issn = "0951-8320",
doi = "https://doi.org/10.1016/j.ress.2008.06.009",
author = "Ozge Doguc and Jose Emmanuel Ramirez-Marquez",

}

@article{Bichon2008,
title = "Efficient Global Reliability Analysis for Nonlinear Implicit Performance Functions",
journal = "AIAA Journal",
volume = "48",
number = "",
pages = "2459-2468",
year = "2008",
doi = "10.2514/1.34321",
author = "B. J. Bichon and M. S. Eldred and L. P Swiler and S. Mahadevan and J. M. McFarland",

}

@article{royest2006,
author = {Johannes O. Royset and Armen Der Kiureghian and Elijah Polak },
title = {Optimal Design with Probabilistic Objective and Constraints},
journal = {Journal of Engineering Mechanics},
volume = {132},
number = {1},
pages = {107-118},
year = {2006},
doi = {10.1061/(ASCE)0733-9399(2006)132:1(107)}

}

@article{son2007,
author = {Son, Young Kap and Savage, Gordon J.},
title = {Set theoretic formulation of performance reliability of multiple response time-variant systems due to degradations in system components},
journal = {Quality and Reliability Engineering International},
volume = {23},
number = {2},
pages = {171-188},
year = {2007},

doi = {10.1002/qre.783},

}

@Article{Jones1998,
author="Jones, Donald R.
and Schonlau, Matthias
and Welch, William J.",
title="Efficient Global Optimization of Expensive Black-Box Functions",
journal="Journal of Global Optimization",
year="1998",
volume="13",
number="4",
pages="455--492",
doi="10.1023/A:1008306431147",
}


@article{Chun1993,
author = {Chun‐Ching Li  and A. Der Kiureghian },
title = {Optimal Discretization of Random Fields},
journal = {Journal of Engineering Mechanics},
volume = {119},
number = {6},
pages = {1136-1154},
year = {1993},
doi = {10.1061/(ASCE)0733-9399(1993)119:6(1136)}

}

@article{BOURINET2016210,
author = "J.-M. Bourinet",
title = "Rare-event probability estimation with adaptive support vector regression surrogates",
journal = "Reliability Engineering and System Safety",
volume = "150",
pages = "210 - 221",
year = "2016",
issn = "0951-8320",
doi = "https://doi.org/10.1016/j.ress.2016.01.023",
}

@article{ot2015,
title={OpenTURNS: An industrial software for uncertainty quantification in simulation},
author={Michaël Baudin and Anne Dutfoy and Bertrand Iooss and Anne-Laure Popelin},
year={2015},
}


@article{Virkler1979,
author = "D. A. Virkler and B. M. Hillberry and P. K. Goel",
title = "The Statistical Nature of Fatigue Crack Propagation",
journal = "Journal of Engineering Materials and Technology",
volume = "101",
pages = "148-153",
year = "1979",
issn = "0094-4289",
doi = "http://dx.doi.org/10.1115/1.3443666",
}


@article{JM2008,
author = "J.-M. Bourinet and M. Lemaire",
title = "FORM sensitivities to correlation : application to fatigue crack propagation based on Virkler data",
journal = "4th International ASRANet Colloquium",
year = "2008",
}

@article{DITLEVSEN1986177,
author = "Ove Ditlevsen and Robert Olesen",
title = "Statistical analysis of the virkler data on fatigue crack growth",
journal = "Engineering Fracture Mechanics",
volume = "25",
number = "2",
pages = "177 - 195",
year = "1986",
issn = "0013-7944",
doi = "https://doi.org/10.1016/0013-7944(86)90217-1",
url = "http://www.sciencedirect.com/science/article/pii/0013794486902171",

}

@article{BLATMAN2010183,
title = "An adaptive algorithm to build up sparse polynomial chaos expansions for stochastic finite element analysis",
journal = "Probabilistic Engineering Mechanics",
volume = "25",
number = "2",
pages = "183 - 197",
year = "2010",
issn = "0266-8920",
doi = "https://doi.org/10.1016/j.probengmech.2009.10.003",
author = "Géraud Blatman and Bruno Sudret",
}

@BOOK{Loeve1977,
title = {Probability theory I},
author = {M. Loeve},
year = {1977},
publisher = {Springer-Verlag},
doi = {10.1007/978-1-4684-9464-8},

}

@BOOK{lemaire2009,
title = "Structural Reliability",
author = "Maurice Lemaire and Alaa Chateauneuf and Jean‐Claude Mitteau",
year = "2009",
publisher = "Wiley",
doi = "10.1002/9780470611708"

}

@phdthesis{Hawcharthesis2017,
    title    = {Development of Metamodeling Methods forTime-Dependent Structural Reliability Analysis},
    school   = {Université de Nantes},
    author   = {Hawchar, Lara},
    year     = {2017},
}




%%%%%%%%%%%%%%%%%%%%%%%%%%%%%%%
%%% end of bibliography for time-dependent reliability
%%%%%%%%%%%%%%%%%%%%%%%%%%%%%%%



@article{HORN2019106550,
title = "Fatigue reliability assessment of offshore wind turbines with stochastic availability",
journal = "Reliability Engineering \& System Safety",
volume = "191",
pages = "106550",
year = "2019",
issn = "0951-8320",
doi = "https://doi.org/10.1016/j.ress.2019.106550",
url = "http://www.sciencedirect.com/science/article/pii/S0951832018301492",
author = "Jan-Tore Horn and Bernt J. Leira",

}

@article{GUEDE20071359,
title = "Life-time reliability based assessment of structures submitted to thermal fatigue",
journal = "International Journal of Fatigue",
volume = "29",
number = "7",
pages = "1359 - 1373",
year = "2007",
issn = "0142-1123",
doi = "https://doi.org/10.1016/j.ijfatigue.2006.10.021",
url = "http://www.sciencedirect.com/science/article/pii/S0142112306002957",
author = "Z. Guédé and B. Sudret and M. Lemaire",

}

@article{FOLSO2002627,
title = "Reliability-based calibration of fatigue design guidelines for ship structures",
journal = "Marine Structures",
volume = "15",
number = "6",
pages = "627 - 651",
year = "2002",
issn = "0951-8339",
doi = "https://doi.org/10.1016/S0951-8339(01)00031-4",
url = "http://www.sciencedirect.com/science/article/pii/S0951833901000314",
author = "Rasmus Folsø and Sven Otto and Guy Parmentier",

}

@article{HASHEMI2017959,
title = "Compatibility of S-N and crack growth curves in the fatigue reliability assessment of a welded steel joint",
journal = "Procedia Structural Integrity",
volume = "5",
pages = "959 - 966",
year = "2017",
note = "2nd International Conference on Structural Integrity, ICSI 2017, 4-7 September 2017, Funchal, Madeira, Portugal",
issn = "2452-3216",
doi = "https://doi.org/10.1016/j.prostr.2017.07.134",
url = "http://www.sciencedirect.com/science/article/pii/S2452321617302469",
author = "Bahman Hashemi and Johan Maljaars and Davide Leonetti and H.H (Bert) Snijder",

}


@BOOK{Ellyin1997,
title = "Fatigue Damage, Crack Growth and Life Prediction",
author = "F. Ellyin",
year = "1997",
publisher = "Springer Netherlands",
edition = "1st",
doi = "10.1007/978-94-009-1509-1", 
}

@article{LI201921,
title = "A two-scale generalized FEM for the evaluation of stress intensity factors at spot welds subjected to thermomechanical loads",
journal = "Engineering Fracture Mechanics",
volume = "213",
pages = "21 - 52",
year = "2019",
issn = "0013-7944",
doi = "https://doi.org/10.1016/j.engfracmech.2019.03.027",
url = "http://www.sciencedirect.com/science/article/pii/S0013794419301237",
author = "H. Li and P. O’Hara and C.A. Duarte",

}

@article{QIAN19921003,
title = "Sub-Region Mixed FEM for calculating stress intensity factor of antiplane notch in bi-material",
journal = "Engineering Fracture Mechanics",
volume = "43",
number = "6",
pages = "1003 - 1007",
year = "1992",
issn = "0013-7944",
doi = "https://doi.org/10.1016/0013-7944(92)90029-E",
url = "http://www.sciencedirect.com/science/article/pii/001379449290029E",
author = "Jun Qian and Yuqiu Long",

}


@PHDTHESIS{lukic1999,
url = "http://www.theses.fr/1999ENPC9927",
title = "Evaluation et maintenance probabilistes des assemblages soudes vis-a-vis de la fatigue et de la rupture application aux ponts mixtes",
author = "LUKIC, MLADEN",
year = "1999",
pages = "217 p.",
note = "Thèse de doctorat dirigée par BROZZETT, JACQUES Sciences et techniques École nationale des ponts et chaussées (France) 1999",
note = "1999ENPC9927",
}


@article{Cremona2018,
author = {Christian Cremona and Joao Santos},
title = {Structural Health Monitoring as a Big-Data Problem},
journal = {Structural Engineering International},
volume = {28},
number = {3},
pages = {243-254},
year  = {2018},
publisher = {Taylor & Francis},
doi = {10.1080/10168664.2018.1461536},

}



@inproceedings{Cai2016BigDA,
  title={Big Data Analytics in Online Structural Health Monitoring},
  author={Guowei Cai and Sankaran Mahadevan},
  year={2016}
}


@incollection{LUTES20041,
title = "Random Vibrations",
publisher = "Butterworth-Heinemann",
address = "Burlington",
year = "2004",
isbn = "978-0-7506-7765-3",
doi = "https://doi.org/10.1016/B978-075067765-3/50001-3",
url = "http://www.sciencedirect.com/science/article/pii/B9780750677653500013",
author = "Loren D. Lutes and Shahram Sarkani"
}



@incollection{LUTES2009,
title = "Reliability analysis of systems subject to first-passage failure",
publisher = "Butterworth-Heinemann",
address = "Burlington",
year = "2009",
author = "Loren D. Lutes and Shahram Sarkani"
}


@inproceedings{Ponte1985,
  title={The theory of statistics of extremes and el ni{\~n}o phenomena : a stochastic approach},
  author={Rui M. Ponte},
  year={1985}
}

@article{Singh2011,
 author = {Amandeep Singh and Zissimos Mourelatos and Efstratios Nikolaidis},
 journal = {SAE International Journal of Materials and Manufacturing},
 number = {1},
 pages = {929--946},
 publisher = {SAE International},
 title = {Time-Dependent Reliability of Random Dynamic Systems Using Time-Series Modeling and Importance Sampling},
 volume = {4},
 year = {2011}
}





@Article{Hu2013,
author="Hu, Zhen and Du, Xiaoping",
title="Time-dependent reliability analysis with joint upcrossing rates",
journal="Structural and Multidisciplinary Optimization",
year="2013",
month="Nov",
day="01",
volume="48",
number="5",
pages="893--907",
}


@Article{Hu2015,
author="Hu, Zhen
and Du, Xiaoping",
title="First order reliability method for time-variant problems using series expansions",
journal="Structural and Multidisciplinary Optimization",
year="2015",
month="Jan",
day="01",
volume="51",
number="1",
pages="1--21",

}



@Article{Sankararaman2009,
author="Shankar Sankararaman and You Ling and Chris Shantz and Sankaran Mahadevan ",
title="Uncertainty quantification in fatigue damage prognosis",
journal="Annual Conference of the Prognostics and Health Management Society",
year="2009",
}

@article{MERATI2007673,
title = "Determination of fatigue related discontinuity state of 7000 series of aerospace aluminum alloys",
journal = "Engineering Failure Analysis",
volume = "14",
number = "4",
pages = "673 - 685",
year = "2007",
issn = "1350-6307",
doi = "https://doi.org/10.1016/j.engfailanal.2006.02.016",
url = "http://www.sciencedirect.com/science/article/pii/S1350630706000471",
author = "Ali Merati and Graeme Eastaugh",

}


@book{gallagher1984usaf,
  title={USAF Damage Tolerant Design Handbook: Guidelines for the Analysis and Design of Damage Tolerant Aircraft Structures},
  author={Gallagher, J.P. and Giesslar, F.J. and Berens, A.P. and Engle, R.M. and United States. Air Force. Systems Command and Air 
         Force Flight Dynamics Laboratory (U.S.) and Air Force Wright Aeronautical Laboratories},
  number={pt. 1},
  series={AFWAL-TR},
  url={https://books.google.fr/books?id=ITmFtAEACAAJ},
  year={1984},
  publisher={Flight Dynamics Laboratory, Air Force Wright Aeronautical Laboratories, Air Force Systems Command}
}


@article{LIU2009476,
title = "Probabilistic fatigue life prediction using an equivalent initial flaw size distribution",
journal = "International Journal of Fatigue",
volume = "31",
number = "3",
pages = "476 - 487",
year = "2009",
issn = "0142-1123",
doi = "https://doi.org/10.1016/j.ijfatigue.2008.06.005",
url = "http://www.sciencedirect.com/science/article/pii/S0142112308001710",
author = "Yongming Liu and Sankaran Mahadevan",

}

@article{SANKARARAMAN2011,
title = "Uncertainty quantification and model validation of fatigue crack growth prediction",
journal = "Engineering Fracture Mechanics",
volume = "78",
number = "7",
pages = "1487 - 1504",
year = "2011",
issn = "0013-7944",
doi = "https://doi.org/10.1016/j.engfracmech.2011.02.017",
url = "http://www.sciencedirect.com/science/article/pii/S0013794411000865",
author = "Shankar Sankararaman and You Ling and Sankaran Mahadevan",
}


@article{LIU201077,
title = "Fatigue reliability assessment of retrofitted steel bridges integrating monitored data",
journal = "Structural Safety",
volume = "32",
number = "1",
pages = "77 - 89",
year = "2010",
issn = "0167-4730",
doi = "https://doi.org/10.1016/j.strusafe.2009.08.003",
url = "http://www.sciencedirect.com/science/article/pii/S0167473009000605",
author = "Ming Liu and Dan M. Frangopol and Kihyon Kwon",

}



@article{SAHU201916,
title = "Hybrid approach for calculation of J-R curve using R6",
journal = "Engineering Fracture Mechanics",
volume = "215",
pages = "16 - 35",
year = "2019",
issn = "0013-7944",
doi = "https://doi.org/10.1016/j.engfracmech.2019.04.031",
url = "http://www.sciencedirect.com/science/article/pii/S0013794419302401",
author = "MK. Sahu and J. Chattopadhyay and BK. Dutta",
}


@book{harrison1977,
  title={Assessment of the Integrity of Structures Containing Defects: Hauptbd},
  author={Harrison, R.P. and Loosemore, K. and Milne, I.},
  series={Central Electricity Generating Board, Research Division},
  url={https://books.google.fr/books?id=i0cftAEACAAJ},
  year={1977},
  publisher={Central Electricity Generating Board}
}


@article{Kunz:31501,
      title = {Probabilistisches Verfahren zur Beurteilung der  Ermüdungssicherheit Bestehender Brücken aus Stahl},
      author = {Kunz, Peter},
      publisher = {EPFL},
      address = {Lausanne},
      pages = {216},
      year = {1992},
      url = {http://infoscience.epfl.ch/record/31501},
      doi = {10.5075/epfl-thesis-1023},
}



@BOOK{FHWA2012,
      title = {National bridge inspection standards,NBIS, Federal Highway Administration},
      author = {FHWA},
      publisher = {U.S. Department of Transportation, Washington, DC.},
      year = {2012},

}


@BOOK{FHWA2013,
      title = {Manual for Repair and Retrofit of Fatigue Cracks in Steel Bridges},
      author = {FHWA},
      publisher = {U.S. Department of Transportation, Washington, DC.},
      year = {2013},

}


@BOOK{ITSEOA1979,
      title = {Instruction technique pour la surveillance et l'entretien des ouvrages d'art},
      author = {ITSEOA},
      publisher = {Direction Departementale de l'Equipement (DDE) Ministere des Transport, Paris, France},
      year = {1979},

}


@TechReport{NAP14127,
    title = {Bridge Inspection Practices},
    year = {2007},
    author ={{Transportation Research Board and National Academies of Sciences Engineering and Medicine}},
    publisher = {The National Academies Press, Washington, DC}, 
}

@article{OKASHA2009460,
title = "Lifetime-oriented multi-objective optimization of structural maintenance considering system reliability, redundancy and life-cycle cost using GA",
journal = "Structural Safety",
volume = "31",
number = "6",
pages = "460 - 474",
year = "2009",
note = "Optimization under Uncertainty with Emphasis on Structural Applications",
issn = "0167-4730",
doi = "https://doi.org/10.1016/j.strusafe.2009.06.005",
url = "http://www.sciencedirect.com/science/article/pii/S0167473009000526",
author = "Nader M. Okasha and Dan M. Frangopol",

}


@article{AUGUSTO2012,
   title = {{A new method for decision making in multi-objective optimization problems}},
   journal = {{Pesquisa Operacional}},
   author={Oscar Brito Augusto and Fouad Bennis and Stephane Caro },
   ISSN = {0101-7438},
   language = {en},
   volume = {32},
   year = {2012},
   month = {08},
   pages = {331 - 369},
   publisher = {scielo},
   }


@article{MINGUEZ1994663,
title = "Foreman's crack growth rate equation and the safety conditions of cracked structures",
journal = "Engineering Fracture Mechanics",
volume = "48",
number = "5",
pages = "663 - 672",
year = "1994",
issn = "0013-7944",
doi = "https://doi.org/10.1016/0013-7944(94)90174-0",
url = "http://www.sciencedirect.com/science/article/pii/0013794494901740",
author = "JoséMaría Mínguez",

}


@article{WEERTMAN1984563,
title = "Crack growth for the double slip plane crack model-I. The R-curve",
journal = "Acta Metallurgica",
volume = "32",
number = "4",
pages = "563 - 573",
year = "1984",
issn = "0001-6160",
doi = "https://doi.org/10.1016/0001-6160(84)90067-1",
url = "http://www.sciencedirect.com/science/article/pii/0001616084900671",
author = "J Weertman",
}

























